@book{Nocedal:Wright,
title     = "{N}umerical {O}ptimization",
author    = "Nocedal, J. and Wright, S.J.",
year      = 2006,
publisher = "Springer-Verlag",
address   = "Berlin, New York"
}

@book{Goodfellow-et-al-2016,
    title={Deep Learning},
    author={Ian Goodfellow and Yoshua Bengio and Aaron Courville},
    publisher={MIT Press},
    note={\url{http://www.deeplearningbook.org}},
    year={2016}
}

@book{Boyd:Vanden,
title     = "{C}onvex {O}ptimization",
author    = "Boyd, S. and Vandenberghe, L.",
year      = 2004,
publisher = "Cambridge University Press",
address   = "Cambridge"
}

@techreport{Shew:CGnopain,
title  ="{A}n {I}ntroduction to
the {C}onjugate {G}radient {M}ethod {W}ithout the {A}gonizing {P}ain",
author ="Shewchuk, J. R.",
institution="School of Computer Science, Carnegie Mellon University",
address="Pittsburgh, PA 15213",
year   ="1994"
},

@manual{scipy:min,
  title        = "{scipy.optimize.minimize, SciPy 1.7.1}",
  author       = "{SciPy Team}",
  organization = "docs.scipy.org",
  note=" \url{https://docs.scipy.org/doc/scipy/reference/optimize.html}",
  year         = 2020
},

@manual{scipy:rosen,
  title        = "{scipy.optimize.rosen, SciPy 1.7.1}",
  author       = "{SciPy Team}",
  organization = "docs.scipy.org",
  note=" \url{https://docs.scipy.org/doc/scipy/reference/generated/scipy.optimize.rosen.html}",
  year         = 2020
},

@inproceedings{Claerbout:CGbegin,
title  ="{C}onjugate {G}radient for {B}eginners",
author ="Claerbout, J.F.",
booktitle="44th {A}nnual meeting of {S}tanford {E}xploration {P}roject",
address="Stanford Exploration Project",
year   ="2003"
},

@booklet{Claerbout:book,
title  ="{G}eophysical {I}maging by {E}xample",
author ="Claerbout, J.F.",
howpublished = "{L}icensed under the {C}reative {C}ommons {A}ttribution-{S}harealike 4.0 {I}nternational {L}icense",
year   ="2014"
}

@misc{Hinton:SGD,
title  ="{L}ecture 6.1 — {O}verview of mini-batch gradient descent — [ {D}eep {L}earning | {G}eoffrey {H}inton | {U}of{T} ]",
note="{Y}ou{T}ube: \url{https://www.youtube.com/watch?v=EANflep-cog}",
author ="Hinton, G.E.",
year="2017"
},

@misc{FashionMNIST:data,
title  ="{F}ashion {MNIST} dataset",
note="\url{https://github.com/zalandoresearch/fashion-mnist}",
author ="{Z}alando {R}esearch",
year="2017"
},

@unpublished{Collinsetal:RNN,
title="Capacity and trainability in recurrent neural networks",
 author=" Collins, J. and Sohl-Dickstein, J. and Sussillo, D.",
 note="\url{arXiv:1611.09913 [stat.ML] }",
 year="2016"
 },
 
@unpublished{Ruder:Overview,
title  ="{A}n overview of gradient descent optimization algorithms",
note="\url{https://arxiv.org/pdf/1609.04747v2.pdf}",
author ="Ruder, S.",
address="Insight Centre for Data Analytics, NUI Galway Aylien Ltd., Dublin",
year="2017"
},

@unpublished{Xu:2ndNCML,
title ="{S}econd-{O}rder {O}ptimization for {N}on-{C}onvex {M}achine {L}earning: {A}n {E}mpirical {S}tudy
",
author ="Xu, P. and Roosta-Korasani, F. and Mahoney, M.W.",
note="\url{https://arxiv.org/pdf/1708.07827v2.pdf}", 
year="2018"
},

@inproceedings{Martens:Deep,
title="{D}eep learning via {H}essian-free optimization",
author="Martens, J.",
booktitle="Proceedings of the 27th International Conference on Machine Learning" ,
address="Haifa, Israel",
year="2010"
},

@article{Momentum:Qian,
title="On the momentum term in gradient descent learning algorithms",
author="Qian, N.",
journal="Neural networks : the official journal of the International Neural Network Society",
volume="12",
number="1",
pages="145–151",
year="1999"
},

@article{adagrad:Duchi,
title="Adaptive Subgradient Methods for Online Learning and Stochastic Optimization",
author="Duchi, J.C. and Hazan, E.  and Singer, Y.",
journal="Journal of Machine Learning Research", 
volume="12",
pages="2121–2159", 
year="2011"
},

@inproceedings{adam:Kingma,
title=" Adam: a Method for Stochastic Optimization.",
author="Kingma, D.P. and Lei Ba, J.",
booktitle="International Conference on Learning Representations", 
pages="1–13", 
year="2015"
},

@unpublished{Huang:Stoch,
title  ="Deep Networks with Stochastic Depth",
note="\url{https://arxiv.org/pdf/1603.09382v2.pdf}",
address="{C}ornell {U}niversity and {T}signhua {U}niversity",
author ="Huang, G. and Sun, Y. and Zhuang, L. and Sedra, D. and Weinberger, K.",
year="2016"
},

@article{Zhao:SLBFGS,
title ="{S}tochastic {L-BFGS}: {I}mproved {C}onvergence {R}ates
and {P}ractical {A}cceleration {S}trategies",
author ="Zhao, R. and Haskell, W.B. and Tan, V.Y.F.",
journal="IEEE Transactions on Signal Processing", 
pages="1155 - 1169",
volume="66",
issue="5", 
year="2018"
},

@unpublished{Hong:SCGM,
title  ="{A} {S}tochastic {C}onjugate {G}radient {M}ethod for {A}pproximation of {F}unctions",
note="\url{https://arxiv.org/pdf/1302.1945.pdf}",
author ="Hong, J. and Wilford, P.",
year="2013"
},

@article{LeCun:5,
author  ="LeCun, Y. and Bottou, L. and Bengio, Y. and Haffner, P. ", 
title="Gradient-based learning applied to document recognition",
journal="Proceedings of the IEEE",
volume="86",
number="11",
pages="2278 - 2324",
year="1998"
},

@inproceedings{ResNet_18,
author="He, K. and Zhang, X. and Ren, S. and  Sun, J.",
title="Deep residual learning for image recognition",
booktitle="Proceedings of the IEEE Conference on Computer Vision and Pattern Recognition, E. Mortensen, K. Saenko, Eds",
address="IEEE, Piscataway, NJ, 2016", 
pages="770– 778",
year="2016"
}

@inproceedings{Le:OptDeep,
title="{O}n {O}ptimization {M}ethods for {D}eep {L}earning",
author="Le, Q.V. and Ngiam, J. and Coates, A. and  Lahiri, A. and Prochnow, B. and Ng, A.Y.",
booktitle="Proceedings of the 28th International Conference on Machine Learning" ,
address="Bellevue, WA, USA",
year="2011"
},

@article{Asi:BetterStoch,
title="{T}he importance of better models in stochastic optimization",
author="Asi, H. and Duchi, J.C.",
journal="{P}roceedings of the {N}ational {A}cademy of {S}ciences of the {U}nited {S}tates of {A}merica",
pages="22924–22930" ,
volume="116",
number="46", 
year="2019"
},

@inproceedings{Srebro:StochOpt,
title="{T}utorial: {S}tochastic {O}ptimisation for {M}achine {L}earning",
author="Srebro, N. and Tewari, A.",
booktitle="Proceedings of the 27th International Conference on Machine Learning" ,
address="Haifa, Israel",
year="2010"
},

